<?xml version="1.0" encoding="UTF-8"?><collection xmlns="http://www.loc.gov/MARC21/slim"><record><leader>00350nam--2200121-i-4500</leader><controlfield tag="001">000003377</controlfield><controlfield tag="002">20161230</controlfield><controlfield tag="005">20161230201025</controlfield><controlfield tag="008">060222s1000------------r-----000-0-eng-d</controlfield><datafield ind1=" " ind2=" " tag="100"><subfield code="a">Cross, Hardy And Griner, L.E</subfield></datafield><datafield ind1=" " ind2=" " tag="245"><subfield code="a">Numerical methods of analysis in engineering (successiv corrections)</subfield></datafield><datafield ind1=" " ind2=" " tag="260"><subfield code="a">New York, Macmillan Co., 1949</subfield></datafield><datafield ind1=" " ind2=" " tag="490"><subfield code="a">Xvi+207p</subfield></datafield></record></collection>